@preamble { " \providecommand\noopsort[1]{} " }


@book{Matlab,
year = {R2023a},
author = {Matlab},
title = {version: 9.14},
publisher = {The MathWorks Inc.},
address = {Natick, Massachusetts, USA}
}


@article{Scorpio2022,
  author  = {M. Scorpio and others},
  title   = {A calibration methodology for light sources aimed at using immersive virtual reality game engine as a tool for lighting design in buildings},
  journal = {Journal of Building Engineering},
  volume  = {48},
  year    = {2022}
}

@techreport{Piotrowska2022,
  author    = {A. Piotrowska},
  title     = {Bau eines Messgerätes zur Bestimmung spektraler Reflexionsgrade},
  institution = {Technische Universität Berlin, Fachgebiet Lichttechnik},
  year      = {2022},
  month     = jan,
  day       = 26
}

@techreport{SchaaleSegeroth2022,
  author    = {M. Schaale-Segeroth},
  title     = {Entwicklung eines LED-Prüfstandes zur Realisierung einer Normlichtquelle durch additive Farbmischung von Leuchtdioden, Teil 1},
  institution = {Technische Universität Berlin, Fachgebiet Lichttechnik},
  year      = {2022},
  month     = aug,
  day       = 2
}

@techreport{Kaczmarek2022,
  author    = {D. Kaczmarek},
  title     = {Entwicklung eines LED-Prüfstandes zur Realisierung einer Normlichtquelle durch additive Farbmischung von Leuchtdioden, Teil 2},
  institution = {Technische Universität Berlin, Fachgebiet Lichttechnik},
  year      = {2022},
  month     = jul,
  day       = 15
}

@book{Baer2020,
  author    = {Roland Baer and Meike Barfuß and Dirk Seifert},
  title     = {Beleuchtungstechnik: Grundlagen},
  edition   = {5. Auflage},
  publisher = {Huss-Medien GmbH},
  location  = {Berlin},
  year      = {2020},
  isbn      = {3341016481}
}

@book{Hentschel2002,
  author    = {Hans-Jürgen Hentschel},
  title     = {Licht und Beleuchtung: Grundlagen und Anwendungen der Lichttechnik},
  edition   = {5., neu bearb. und erw. Aufl.},
  publisher = {Hüthig},
  location  = {Heidelberg},
  year      = {2002},
  isbn      = {9783778528174}
}

@book{Schanda2007,
  author    = {János Schanda},
  title     = {Colorimetry: Understanding the CIE System},
  publisher = {Wiley-Interscience},
  year      = {2007},
  isbn      = {9780470049044}
}

@book{GrundlagenBT,
  author    = {Klaus Ruhmer and Walter Hoelker},
  title     = {Grundlagen der Beleuchtungstechnik},
  edition   = {1. Auflage},
  publisher = {Ruhmer Verlag},
  year      = {2001}
}

@article{Robertson1968,
  author  = {Alan R. Robertson},
  title   = {Computation of correlated color temperature and distribution temperature},
  journal = {Journal of the Optical Society of America},
  volume  = {58},
  number  = {11},
  pages   = {1528--1535},
  year    = {1968},
  doi     = {10.1364/JOSA.58.001528}
}

@misc{DIN5033-1,
  author       = {{D.-N. F. (FNF)}},
  title        = {{DIN 5033-1: Farbmessung - Teil 1: Grundbegriffe der Farbmetrik}},
  howpublished = {Farbmessung - Teil 1: Grundbegriffe der Farbmetrik},
  year         = {2017},
  month        = oct
}

@misc{DIN11664,
  author       = {{DIN – Deutsches Institut für Normung}},
  shortauthor = {{{DIN 11664-1}}}, 
  title        = {{DIN 11664-1: Colorimetry - Part 1: CIE standard colorimetric observers}},
  howpublished = {Beuth Verlag, Berlin},
  year         = {2012},
  note         = {Entspricht ISO/CIE 11664-1:2019}
}

@misc{DIN5036-1,
  author       = {{DIN – Deutsches Institut für Normung}},
  shortauthor = {{{DIN 5036-1}}}, 
  title        = {{DIN 5036-1: Strahlungsphysikalische und lichttechnische Eigenschaften von Materialien; Begriffe, Kennzahlen}},
  howpublished = {Beuth Verlag, Berlin},
  year         = {1979},
  note         = {Beuth Verlag},
}

@misc{DIN5036-3,
  author       = {{DIN – Deutsches Institut für Normung}},
  shortauthor = {{{DIN 5036-3}}}, 
  title        = {{DIN 5036-3: Strahlungsphysikalische und lichttechnische Eigenschaften von Materialien; Meßverfahren für lichttechnische und spektrale strahlungsphysikalische Kennzahlen}},
  howpublished = {Beuth Verlag, Berlin},
  year         = {1979},
  month        = nov,
  doi          = {10.31030/1114192},
  note         = {Deutsche Norm, Ausgabe: November 1979}
}

@misc{IEC61966,
  author       = {{International Electrotechnical Commission}},
  shortauthor = {{{IEC61966-2-1}}}, 
  title        = {{IEC 61966-2-1:1999 – Multimedia systems and equipment – Colour measurement and management – Part 2-1: Colour management – Default RGB colour space – sRGB}},
  year         = {1999},
  howpublished = {International Standard},
  note         = {DOI: \url{https://doi.org/10.31030/8820414}}
}

@book{CIE015,
  author    = {{CIE – Commission Internationale de l'Éclairage}},
  shortauthor = {{{CIE015}}}, 
  title     = {CIE 015:2018 Colorimetry – 4th Edition},
  year      = {2018},
  publisher = {CIE Central Bureau},
  location  = {Vienna, Austria},
  isbn      = {978-3-902842-13-3}
}

@book{CIE15:2018,
  author    = {{CIE – Commission Internationale de l'Éclairage}},
  shortauthor = {{{CIE 15:2018}}}, 
  title     = {CIE 15:2018 Colorimetry – 4th Edition},
  year      = {2018},
  publisher = {CIE Central Bureau},
  location  = {Vienna, Austria},
  isbn      = {978-3-902842-13-3}
}

@techreport{CIELAB1976,
  author    = {{CIE – Commission Internationale de l'Éclairage}},
  title     = {CIE Publication No. 15, Supplement No. 2: Recommendations on uniform color spaces, color difference equations, psychometric color terms},
  institution = {CIE Central Bureau},
  year      = {1976},
  address   = {Vienna, Austria}
}

@article{Wyszecki1982,
  author  = {Günter Wyszecki and W. Stanley Stiles},
  title   = {Color Science: Concepts and Methods, Quantitative Data and Formulae},
  journal = {John Wiley \& Sons},
  edition = {2nd},
  year    = {1982},
  isbn    = {0-471-02106-7}
}

@book{Fairchild2013,
  author    = {Mark D. Fairchild},
  title     = {Color Appearance Models},
  edition   = {3rd},
  publisher = {John Wiley \& Sons},
  year      = {2013},
  isbn      = {978-1-119-96703-3}
}

@article{Hunt1999,
  author  = {R. W. G. Hunt},
  title   = {The Reproduction of Colour},
  journal = {Fountain Press},
  edition = {6th},
  year    = {1999},
  isbn    = {0-86343-381-2}
}

@misc{Python,
  author = {{Python Software Foundation}},
  title = {Python Language Reference, version 3.11},
  year = {2023},
  url = {https://docs.python.org/3/},
  note = {Available at \url{https://www.python.org}}
}

@article{NumPy,
  title={Array programming with {NumPy}},
  author={Harris, Charles R. and Millman, K. Jarrod and van der Walt, Stéfan J. and others},
  journal={Nature},
  volume={585},
  number={7825},
  pages={357--362},
  year={2020},
  publisher={Springer},
  doi={10.1038/s41586-020-2649-2}
}

@article{SciPy,
  title={{SciPy} 1.0: fundamental algorithms for scientific computing in {Python}},
  author={Virtanen, Pauli and Gommers, Ralf and Oliphant, Travis E. and others},
  journal={Nature Methods},
  volume={17},
  number={3},
  pages={261--272},
  year={2020},
  publisher={Springer},
  doi={10.1038/s41592-019-0686-2}
}

@article{Matplotlib,
  title={Matplotlib: A 2D graphics environment},
  author={Hunter, John D.},
  journal={Computing in Science \& Engineering},
  volume={9},
  number={3},
  pages={90--95},
  year={2007},
  publisher={IEEE},
  doi={10.1109/MCSE.2007.55}
}

@misc{OpenPyXL,
  author = {Eric Gazoni and Charlie Clark and others},
  title = {openpyxl: A Python library to read/write Excel 2010 xlsx/xlsm files},
  year = {2023},
  url = {https://openpyxl.readthedocs.io/},
  note = {Version 3.0+}
}

@misc{PySide6,
  author = {{The Qt Company}},
  title = {PySide6: Official Python bindings for Qt6},
  year = {2023},
  url = {https://doc.qt.io/qtforpython/},
  note = {LGPL License}
}

@misc{Qt6,
  author = {{The Qt Company}},
  title = {Qt 6: Cross-platform software development framework},
  year = {2023},
  url = {https://www.qt.io/product/qt6},
  note = {Available under multiple licenses}
}

@misc{PyInstaller,
  author = {Giovanni Bajo and Hartmut Goebel and David Vierra and David Cortesi and Martin Zibricky and others},
  title = {PyInstaller: Freeze (package) Python programs into stand-alone executables},
  year = {2023},
  url = {https://pyinstaller.org/},
  note = {Version 5.0+, GPL-compatible license}
}

@imisc{Pandas,
  title={Data structures for statistical computing in {Python}},
  author={McKinney, Wes and others},
  booktitle={Proceedings of the 9th Python in Science Conference},
  volume={445},
  pages={51--56},
  year={2010},
  doi={10.25080/Majora-92bf1922-00a}
}

@misc{ColourScience,
  author = {Mansencal, Thomas and Mauderer, Michael and Parsons, Michael and Shaw, Nick and Wheatley, Kevin and Cooper, Sean and Vandenberg, Jean-Dominique and Canavan, Luke and Crowson, Katherine and Lev, Ofek and Luka, Katrin and Morvan, Jérôme and Scharfenberg, Omar and Sobotka, Troy and Tattersall, Jedediah and Zhai, Qianqian and Zhao, Yiheng},
  title = {{Colour}: An open-source {Python} package for colour science},
  url = {https://github.com/colour-science/colour},
  version = {0.4.3},
  year = {2023},
  note = {Available at \url{https://colour-science.org}}
}

@misc{RudawskiDataset2021,
  author = {Rudawski, Frederic and Aydınlı, Sırrı and Broszio, Kai},
  title = {Spectral reflectance and transmittance of various materials},
  institution = {Technische Universität Berlin, Fachgebiet Lichttechnik},
  year = {2021},
  month = jun,
  doi = {10.14279/depositonce-11893.2},
  url = {https://doi.org/10.14279/depositonce-11893.2},
  note = {Research data including spectral reflectance of painted wall colours, exposed concrete, brick, wood, plastic and glass}
}

@misc{XRiteColorChecker,
  author = {{X-Rite Inc.}},
  title = {ColorChecker Classic},
  year = {2023},
  url = {https://www.xrite.com/categories/calibration-profiling/colorchecker-classic},
  note = {24-patch color reference target for color calibration and characterization}
}